@article{PhysRevD.63.042003,
  title = {Excess power statistic for detection of burst sources of gravitational radiation},
  author = {Anderson, Warren G. and Brady, Patrick R. and Creighton, Jolien D. E. and Flanagan, \'Eanna \'E.},
  journal = {Phys. Rev. D},
  volume = {63},
  issue = {4},
  pages = {042003},
  numpages = {20},
  year = {2001},
  month = {Jan},
  publisher = {American Physical Society},
  doi = {10.1103/PhysRevD.63.042003},
  url = {http://link.aps.org/doi/10.1103/PhysRevD.63.042003}
}

@article{doi:10.1080/01621459.1995.10476572,
  author = {Kass, Robert E. and Raftery, Adrian E.},
  title = {Bayes Factors},
  journal = {Journal of the American Statistical Association},
  volume = {90},
  number = {430},
  pages = {773-795},
  year = {1995},
  doi = {10.1080/01621459.1995.10476572},
  URL = {http://www.tandfonline.com/doi/abs/10.1080/01621459.1995.10476572},
  eprint = {http://www.tandfonline.com/doi/pdf/10.1080/01621459.1995.10476572}
}

